@inproceedings{baader2007completing,
	title={Completing Description Logic Knowledge Bases Using Formal Concept Analysis.},
	author={Baader, Franz and Ganter, Bernhard and Sertkaya, Baris and Sattler, Ulrike},
	booktitle={IJCAI},
	pages={230--235},
	year={2007}
}
@article {lebras,
author = {Le Bras, Yannick and Lenca, Philippe and Lallich, St√©phane},
title = {OPTIMONOTONE MEASURES FOR OPTIMAL RULE DISCOVERY},
journal = {Computational Intelligence},
volume = {28},
number = {4},
publisher = {Blackwell Publishing Inc},
issn = {1467-8640},
url = {http://dx.doi.org/10.1111/j.1467-8640.2012.00422.x},
doi = {10.1111/j.1467-8640.2012.00422.x},
pages = {475--504},
keywords = {rule discovery, optimal rule set, interestingness measures, optimonotone measures},
year = {2012},
}
@book{ieee754,
title={IEEE Standard for Floating-Point Arithmetic},
isbn={978-0-7381-5752-8}
}
@inproceedings{Cohen1995,
	author = {William W. Cohen},
	booktitle = {Twelfth International Conference on Machine Learning},
	pages = {115-123},
	publisher = {Morgan Kaufmann},
	title = {Fast Effective Rule Induction},
	year = {1995}
}

@article{weka,
	title={The WEKA data mining software: an update},
	author={Hall, Mark and Frank, Eibe and Holmes, Geoffrey and Pfahringer, Bernhard and Reutemann, Peter and Witten, Ian H},
	journal={ACM SIGKDD explorations newsletter},
	volume={11},
	number={1},
	pages={10--18},
	year={2009},
	publisher={ACM}
}

@techreport{Friedman1998,
	address = {Stanford University},
	author = {J. Friedman and T. Hastie and R. Tibshirani},
	title = {Additive Logistic Regression: a Statistical View of Boosting},
	year = {1998},
	PS = {http://www-stat.stanford.edu/\~jhf/ftp/boost.ps}
}
@article{friedman2000special,
	title={Special invited paper. additive logistic regression: A statistical view of boosting},
	author={Friedman, Jerome and Hastie, Trevor and Tibshirani, Robert},
	journal={Annals of statistics},
	pages={337--374},
	year={2000},
	publisher={JSTOR}
}

@book{ting1998inducing,
  title={Inducing cost-sensitive trees via instance weighting},
    author={Ting, Kai Ming},
      year={1998},
        publisher={Springer}
}

@inproceedings{cost-sensitve_learning,
title={Cost-Sensitive Learning},
author={Charles X. Ling and Victor S. Sheng},
pages={231--235},
crossref={enc-ml}
}
@proceedings{enc-ml,
  title={Encyclopedia of machine learning},
  booktitle={Encyclopedia of machine learning},
    editor={Sammut, Claude and Webb, Geoffrey I},
      year={2010},
        publisher={Springer}
}
@inproceedings{regression,
title={Regression},
author={RSISE, ANU and SML, NICTA},
pages={838-842},
crossref={enc-ml}
}

@inproceedings{decision-stumps,
 author = {Iba, Wayne and Langley, Pat},
  title = {Induction of One-Level Decision Trees},
   booktitle = {Proceedings of the Ninth International Workshop on Machine Learning},
    series = {ML '92},
     year = {1992},
      isbn = {1-55860-247-X},
       pages = {233--240},
        numpages = {8},
	 url = {http://dl.acm.org/citation.cfm?id=645525.757759},
	  acmid = {757759},
	   publisher = {Morgan Kaufmann Publishers Inc.},
	    address = {San Francisco, CA, USA},
} 
@book{ganter99,
author={Bernhard Ganter and Rudolf Wille},
title={Formal Concept Analysis: Mathematical Foundations},
publisher={Springer Berlin Heidelberg},
year={1999},
doi={10.1007/978-3-642-59830-2},
isbn={978-3-642-59830-2}
}
@techreport{sparql11-ql,
title={SPARQL 1.1 Query Language},
author={Steve Harris and Andy Seaborne},
institution={W3C},
year={2013},
note={Available on-line: \url{http://www.w3.org/TR/2013/REC-sparql11-query-20130321/}}
}
@article{owlapi,
  title={The owl api: A java api for owl ontologies},
    author={Horridge, Matthew and Bechhofer, Sean},
      journal={Semantic Web},
        volume={2},
	  number={1},
	    pages={11--21},
	      year={2011},
	        publisher={IOS Press}
}
@article{pellet,
  title={Pellet: A practical owl-dl reasoner},
    author={Sirin, Evren and Parsia, Bijan and Grau, Bernardo Cuenca and Kalyanpur, Aditya and Katz, Yarden},
      journal={Web Semantics: science, services and agents on the World Wide Web},
        volume={5},
	  number={2},
	    pages={51--53},
	      year={2007},
	        publisher={Elsevier}
}
@Article{hermit,
    author = "Boris Motik and Rob Shearer and Ian Horrocks",
        title = "{Hypertableau Reasoning for Description Logics}",
	    journal = "Journal of Artificial Intelligence Research",
	        year = "2009",
		    volume = "36",
		        pages = "165--228",
}
@incollection{fact++,
  title={FaCT++ description logic reasoner: System description},
    author={Tsarkov, Dmitry and Horrocks, Ian},
      booktitle={Automated reasoning},
        pages={292--297},
	  year={2006},
	    publisher={Springer}
}
@incollection{ontocomp,
  title={Ontocomp: A protege plugin for completing owl ontologies},
    author={Sertkaya, Bar{\i}{\c{s}}},
      booktitle={The Semantic Web: Research and Applications},
        pages={898--902},
	  year={2009},
	    publisher={Springer}
}
@incollection{dbpedia,
  title={Dbpedia: A nucleus for a web of open data},
    author={Auer, S{\"o}ren and Bizer, Christian and Kobilarov, Georgi and Lehmann, Jens and Cyganiak, Richard and Ives, Zachary},
      booktitle={The semantic web},
        pages={722--735},
	  year={2007},
	    publisher={Springer}
}
@article{factforge,
  title={Factforge: A fast track to the web of data},
    author={Bishop, Barry and Kiryakov, Atanas and Ognyanov, Damyan and Peikov, Ivan and Tashev, Zdravko and Velkov, Ruslan},
      journal={Semantic Web},
        volume={2},
	  number={2},
	    pages={157--166},
	      year={2011},
	        publisher={IOS Press}
}
@article{owlim,
  title={OWLIM: A family of scalable semantic repositories},
    author={Bishop, Barry and Kiryakov, Atanas and Ognyanoff, Damyan and Peikov, Ivan and Tashev, Zdravko and Velkov, Ruslan},
      journal={Semantic Web},
        volume={2},
	  number={1},
	    pages={33--42},
	      year={2011},
	        publisher={IOS Press}
}
